<?xml version="1.0" encoding="UTF-8"?><collection xmlns="http://www.loc.gov/MARC21/slim"><record><leader>00543nam--2200193-i-4500</leader><controlfield tag="001">000050231</controlfield><controlfield tag="002">20161230</controlfield><controlfield tag="005">20161230201048</controlfield><controlfield tag="008">060222s1000------------r-----000-0-rus-d</controlfield><datafield ind1=" " ind2=" " tag="040"><subfield code="a">IFIN-HH</subfield></datafield><datafield ind1=" " ind2=" " tag="041"><subfield code="a">rus</subfield></datafield><datafield ind1=" " ind2=" " tag="080"><subfield code="a">530.182</subfield></datafield><datafield ind1="1" ind2=" " tag="100"><subfield code="a">Uslenghi, Piergiorgio L.E</subfield></datafield><datafield ind1="1" ind2="0" tag="245"><subfield code="a">Nelineinie elektromagnitnie volni</subfield><subfield code="c">Piergiorgio l.e. uslenghi (ed.)</subfield></datafield><datafield ind1=" " ind2=" " tag="260"><subfield code="a">Moskva</subfield><subfield code="b">Mir</subfield><subfield code="c">1983</subfield></datafield><datafield ind1=" " ind2=" " tag="300"><subfield code="a">312P</subfield></datafield><datafield ind1=" " ind2=" " tag="500"><subfield code="a">Titlul Original In Limba Engleza: Nonlinear Electromagnetics</subfield></datafield><datafield ind1=" " ind2=" " tag="852"><subfield code="a">71620</subfield><subfield code="c">537:538</subfield></datafield><datafield ind1=" " ind2=" " tag="CAT"><subfield code="a">Sys</subfield><subfield code="c">20110627</subfield><subfield code="h">110757</subfield></datafield></record></collection>